% UEFI-спецификация
@manual{UEFISpec,
  title        = {Unified Extensible Firmware Interface (UEFI) Specification},
  author       = {{UEFI Forum}},
  organization = {UEFI Forum},
  edition      = {Version 2.10 Errata A},
  year         = {2021},
  month        = {November},
  url          = {https://uefi.org/specifications},
  note         = {Document Revision 2.10 Errata A},
  urldate      = {2023-10-10}
}

@standard{ISO_C17,
  author       = {{ISO/IEC}},
  title        = {Information technology — Programming languages — C},
  type         = {Standard},
  number       = {ISO/IEC 9899:2018},
  organization = {International Organization for Standardization},
  address      = {Geneva, Switzerland},
  year         = {2018},
  url          = {http://www.open-std.org/jtc1/sc22/wg14/www/docs/n2310.pdf},
  language     = {en},
  urldate      = {2025-06-15}
}
